<?xml version="1.0" encoding="UTF-8"?><collection xmlns="http://www.loc.gov/MARC21/slim"><record><leader>00384nam--2200133-i-4500</leader><controlfield tag="001">000030732</controlfield><controlfield tag="002">20161230</controlfield><controlfield tag="005">20161230201038</controlfield><controlfield tag="008">060222s1000------------r-----000-0-eng-d</controlfield><datafield ind1=" " ind2=" " tag="100"><subfield code="a">Mcclure, G.W</subfield></datafield><datafield ind1=" " ind2=" " tag="245"><subfield code="a">Peek, j.m</subfield></datafield><datafield ind1=" " ind2=" " tag="260"><subfield code="a">Dissociation In Heavy Particle Collisions</subfield></datafield><datafield ind1=" " ind2=" " tag="490"><subfield code="a">Wiley-interscience Series In Atomic And Molecular Collisional Processes</subfield></datafield><datafield ind1=" " ind2=" " tag="852"><subfield code="a">541.132:539.196.6</subfield></datafield></record></collection>